@article{predoiu2011optimal,
  title={Optimal execution in a general one-sided limit-order book},
  author={Predoiu, Silviu and Shaikhet, Gennady and Shreve, Steven},
  journal={SIAM Journal on Financial Mathematics},
  volume={2},
  number={1},
  pages={183--212},
  year={2011},
  publisher={SIAM}
}

@book{protter2005stochastic,
  title={Stochastic Integration and Differential Equations},
  author={Protter, P.E.},
  isbn={9783540003137},
  lccn={89026265},
  series={Stochastic Modelling and Applied Probability},
  year={2005},
  publisher={Springer Berlin Heidelberg}
}
